<record><leader>00000cas a22000007a 4500</leader><controlfield tag="001">16965504</controlfield><controlfield tag="008">871111d19541958iauwr ne      0    0eng d</controlfield><datafield ind1=" " ind2=" " tag="010"><subfield code="a">sn 87057065 </subfield></datafield><datafield ind1=" " ind2=" " tag="040"><subfield code="a">INP</subfield><subfield code="b">eng</subfield><subfield code="c">INP</subfield><subfield code="d">OCLCQ</subfield></datafield><datafield ind1=" " ind2=" " tag="042"><subfield code="a">msc</subfield></datafield><datafield ind1="0" ind2="0" tag="245"><subfield code="a">Floyd Valley farmers news.</subfield></datafield><datafield ind1=" " ind2=" " tag="260"><subfield code="a">Le Mars, Iowa :</subfield><subfield code="b">C. Pitts, Jr.,</subfield><subfield code="c">1954-</subfield></datafield><datafield ind1=" " ind2=" " tag="300"><subfield code="a">v.</subfield></datafield><datafield ind1=" " ind2=" " tag="310"><subfield code="a">Weekly</subfield></datafield><datafield ind1="0" ind2=" " tag="362"><subfield code="a">Vol. 1, no. 1 (Aug. 20, 1954)-</subfield></datafield><datafield ind1="1" ind2=" " tag="362"><subfield code="a">Ceased Aug. 11, 1958?</subfield></datafield><datafield ind1="0" ind2="4" tag="785"><subfield code="t">Mars sentinel (Le Mars, Iowa : 1957)</subfield><subfield code="w">(DLC)sn 85049882</subfield></datafield></record>